@book{antoulasApproximationLargeScaleDynamical2005,
  title = {Approximation of {{Large-Scale Dynamical Systems}}},
  author = {Antoulas, Athanasios C.},
  year = {2005},
  series = {Advances in {{Design}} and {{Control}}},
  publisher = {{Society for Industrial and Applied Mathematics}},
  doi = {10.1137/1.9780898718713},
  isbn = {978-0-89871-658-0},
  keywords = {computation,Dynamical systems,large-scale systems,numerical linear algebra,system theory}
}

@article{bennerTwoSidedProjectionMethods2015,
  title = {Two-{{Sided Projection Methods}} for {{Nonlinear Model Order Reduction}}},
  author = {Benner, Peter and Breiten, Tobias},
  year = {2015},
  journal = {SIAM Journal on Scientific Computing},
  volume = {37},
  number = {2},
  pages = {B239-B260},
  issn = {1064-8275, 1095-7197},
  doi = {10.1137/14097255X},
  langid = {english}
}

@article{bennerSurveyProjectionBasedModel2015,
  title = {A {{Survey}} of {{Projection-Based Model Reduction Methods}} for {{Parametric Dynamical Systems}}},
  author = {Benner, Peter and Gugercin, Serkan and Willcox, Karen},
  year = {2015},
  journal = {SIAM Review},
  volume = {57},
  number = {4},
  pages = {483--531},
  issn = {0036-1445, 1095-7200},
  doi = {10.1137/130932715},
  langid = {english}
}

@book{bennerModelReductionApproximation2017,
  title = {Model {{Reduction}} and {{Approximation}}},
  author = {Benner, Peter and Ohlberger, Mario and Cohen, Albert and Willcox, Karen},
  year = {2017},
  series = {Computational {{Science}} \& {{Engineering}}},
  publisher = {{Society for Industrial and Applied Mathematics}},
  doi = {10.1137/1.9781611974829},
  isbn = {978-1-61197-481-2},
  keywords = {Model reduction,Proper orthogonal decomposition,Rational Interpolation and Approximation,Reduced basis method,Tensor methods}
}

@misc{bennerBalancedTruncationModel2017,
  title = {Balanced {{Truncation Model Order Reduction For Quadratic-Bilinear Control Systems}}},
  author = {Benner, Peter and Goyal, Pawan},
  year = {2017},
  number = {arXiv:1705.00160},
  eprint = {1705.00160},
  primaryclass = {math},
  publisher = {arXiv},
  archiveprefix = {arxiv},
  langid = {english},
  keywords = {15A69 34C20 41A05 49M05 93A15 93C10 93C15,Mathematics - Dynamical Systems,Mathematics - Optimization and Control}
}

@article{carlbergGalerkinLeastsquaresPetrov2017,
  title = {Galerkin v. Least-Squares {{Petrov}}--{{Galerkin}} Projection in Nonlinear Model Reduction},
  author = {Carlberg, Kevin and Barone, Matthew and Antil, Harbir},
  year = {2017},
  journal = {Journal of Computational Physics},
  volume = {330},
  pages = {693--734},
  issn = {0021-9991},
  doi = {10.1016/j.jcp.2016.10.033},
  keywords = {CFD,Galerkin projection,GNAT,Least-squares Petrov-Galerkin projection,Model reduction}
}

@article{leeModelReductionDynamical2020,
  title = {Model Reduction of Dynamical Systems on Nonlinear Manifolds Using Deep Convolutional Autoencoders},
  author = {Lee, Kookjin and Carlberg, Kevin T.},
  year = {2020},
  journal = {Journal of Computational Physics},
  volume = {404},
  pages = {108973},
  issn = {0021-9991},
  doi = {10.1016/j.jcp.2019.108973},
  keywords = {Autoencoders,Deep learning,Machine learning,Model reduction,Nonlinear manifolds,Optimal projection}
}

@article{chaturantabutNonlinearModelReduction2010,
  title = {Nonlinear {{Model Reduction}} via {{Discrete Empirical Interpolation}}},
  author = {Chaturantabut, Saifon and Sorensen, Danny C.},
  year = {2010},
  journal = {SIAM Journal on Scientific Computing},
  volume = {32},
  number = {5},
  pages = {2737--2764},
  issn = {1064-8275, 1095-7197},
  doi = {10.1137/090766498},
  langid = {english}
}

@article{chenAccurateEfficientEvaluation2013,
  title = {Accurate and Efficient Evaluation of Failure Probability for Partial Different Equations with Random Input Data},
  author = {Chen, Peng and Quarteroni, Alfio},
  year = {2013},
  journal = {Computer Methods in Applied Mechanics and Engineering},
  volume = {267},
  pages = {233--260},
  issn = {0045-7825},
  doi = {10.1016/j.cma.2013.08.016},
  keywords = {Failure probability evaluation,Goal-oriented adaptation,Model order reduction,Partial differential equations,Random input data,Reduced basis method}
}

@article{drmacNewSelectionOperator2016,
  title = {A {{New Selection Operator}} for the {{Discrete Empirical Interpolation Method---Improved A Priori Error Bound}} and {{Extensions}}},
  author = {Drma{\v c}, Zlatko and Gugercin, Serkan},
  year = {2016},
  journal = {SIAM Journal on Scientific Computing},
  volume = {38},
  number = {2},
  pages = {A631-A648},
  issn = {1064-8275, 1095-7197},
  doi = {10.1137/15M1019271},
  langid = {english}
}

@article{geelenOperatorInferenceNonintrusive2023,
  title = {Operator Inference for Non-Intrusive Model Reduction with Quadratic Manifolds},
  author = {Geelen, Rudy and Wright, Stephen and Willcox, Karen},
  year = {2023},
  journal = {Computer Methods in Applied Mechanics and Engineering},
  volume = {403},
  pages = {115717},
  issn = {0045-7825},
  doi = {10.1016/j.cma.2022.115717},
  keywords = {Data-driven model reduction,Nonlinear manifolds,Operator inference,Proper orthogonal decomposition}
}

@article{goseaDataDrivenBalancingLinear2022,
  title = {Data-{{Driven Balancing}} of {{Linear Dynamical Systems}}},
  author = {Gosea, Ion Victor and Gugercin, Serkan and Beattie, Christopher},
  year = {2022},
  journal = {SIAM Journal on Scientific Computing},
  volume = {44},
  number = {1},
  pages = {A554-A582},
  issn = {1064-8275, 1095-7197},
  doi = {10.1137/21M1411081},
  langid = {english}
}

@article{guQLMORProjectionBasedNonlinear2011a,
  title = {{{QLMOR}}: {{A Projection-Based Nonlinear Model Order Reduction Approach Using Quadratic-Linear Representation}} of {{Nonlinear Systems}}},
  author = {Gu, Chenjie},
  year = {2011},
  journal = {IEEE Transactions on Computer-Aided Design of Integrated Circuits and Systems},
  volume = {30},
  number = {9},
  pages = {1307--1320},
  issn = {1937-4151},
  doi = {10.1109/TCAD.2011.2142184},
  keywords = {Computational modeling,Differential equations,Integrated circuit modeling,Mathematical model,Model order reduction,nonlinear,Nonlinear systems,Polynomials,projection,quadratic-linear}
}

@article{kramerNonlinearModelOrder2019,
  title = {Nonlinear {{Model Order Reduction}} via {{Lifting Transformations}} and {{Proper Orthogonal Decomposition}}},
  author = {Kramer, Boris and Willcox, Karen E.},
  year = {2019},
  journal = {AIAA Journal},
  volume = {57},
  number = {6},
  pages = {2297--2307},
  issn = {0001-1452, 1533-385X},
  doi = {10.2514/1.J057791},
  langid = {english}
}

@article{kramerScalableComputationEnergy2024b,
  title = {Scalable Computation of Energy Functions for Nonlinear Balanced Truncation},
  author = {Kramer, Boris and Gugercin, Serkan and Borggaard, Jeff and Balicki, Linus},
  year = {2024},
  journal = {Computer Methods in Applied Mechanics and Engineering},
  volume = {427},
  pages = {117011},
  issn = {0045-7825},
  doi = {10.1016/j.cma.2024.117011},
  keywords = {Balanced truncation,Hamilton-Jacobi-Bellman equation,Nonlinear manifolds,Nonlinear systems,Reduced-order modeling}
}

@misc{kramerNonlinearBalancedTruncation2023,
  title = {Nonlinear {{Balanced Truncation}}: {{Part}} 2 -- {{Model Reduction}} on {{Manifolds}}},
  author = {Kramer, Boris and Gugercin, Serkan and Borggaard, Jeff},
  year = {2023},
  number = {arXiv:2302.02036},
  eprint = {2302.02036},
  primaryclass = {cs, eess, math},
  publisher = {arXiv},
  doi = {10.48550/arXiv.2302.02036},
  archiveprefix = {arxiv},
  keywords = {Electrical Engineering and Systems Science - Systems and Control,Mathematics - Optimization and Control}
}

@article{peherstorferDataDrivenReducedModel2017,
  title = {Data-{{Driven Reduced Model Construction}} with {{Time-Domain Loewner Models}}},
  author = {Peherstorfer, Benjamin and Gugercin, Serkan and Willcox, Karen},
  year = {2017},
  journal = {SIAM Journal on Scientific Computing},
  volume = {39},
  number = {5},
  pages = {A2152-A2178},
  issn = {1064-8275, 1095-7197},
  doi = {10.1137/16M1094750},
  langid = {english}
}


@article{peherstorferOnlineAdaptiveModel2015,
  title = {Online {{Adaptive Model Reduction}} for {{Nonlinear Systems}} via {{Low-Rank Updates}}},
  author = {Peherstorfer, Benjamin and Willcox, Karen},
  year = {2015},
  journal = {SIAM Journal on Scientific Computing},
  volume = {37},
  number = {4},
  pages = {A2123-A2150},
  issn = {1064-8275, 1095-7197},
  doi = {10.1137/140989169},
  langid = {english}
}

@article{peherstorferDatadrivenOperatorInference2016,
  title = {Data-Driven Operator Inference for Nonintrusive Projection-Based Model Reduction},
  author = {Peherstorfer, Benjamin and Willcox, Karen},
  year = {2016},
  journal = {Computer Methods in Applied Mechanics and Engineering},
  volume = {306},
  pages = {196--215},
  issn = {0045-7825},
  doi = {10.1016/j.cma.2016.03.025},
  keywords = {Black-box full model,Data-driven model reduction,Inference,Nonintrusive model reduction}
}

@article{peherstorferLocalizedDiscreteEmpirical2014,
  title = {Localized {{Discrete Empirical Interpolation Method}}},
  author = {Peherstorfer, Benjamin and Butnaru, Daniel and Willcox, Karen and Bungartz, Hans-Joachim},
  year = {2014},
  journal = {SIAM Journal on Scientific Computing},
  volume = {36},
  number = {1},
  pages = {A168-A192},
  issn = {1064-8275, 1095-7197},
  doi = {10.1137/130924408},
  langid = {english}
}

@article{peherstorferStabilityDiscreteEmpirical2020,
  title = {Stability of {{Discrete Empirical Interpolation}} and {{Gappy Proper Orthogonal Decomposition}} with {{Randomized}} and {{Deterministic Sampling Points}}},
  author = {Peherstorfer, Benjamin and Drma{\v c}, Zlatko and Gugercin, Serkan},
  year = {2020},
  journal = {SIAM Journal on Scientific Computing},
  volume = {42},
  number = {5},
  pages = {A2837-A2864},
  issn = {1064-8275, 1095-7197},
  doi = {10.1137/19M1307391},
  langid = {english}
}

@article{qianCertifiedTrustRegion2017,
  title = {A {{Certified Trust Region Reduced Basis Approach}} to {{PDE-Constrained Optimization}}},
  author = {Qian, Elizabeth and Grepl, Martin and Veroy, Karen and Willcox, Karen},
  year = {2017},
  journal = {SIAM Journal on Scientific Computing},
  volume = {39},
  number = {5},
  pages = {S434-S460},
  issn = {1064-8275, 1095-7197},
  doi = {10.1137/16M1081981},
  langid = {english}
}

@article{qianLiftLearnPhysicsinformed2020a,
  title = {Lift \& {{Learn}}: {{Physics-informed}} Machine Learning for Large-Scale Nonlinear Dynamical Systems},
  author = {Qian, Elizabeth and Kramer, Boris and Peherstorfer, Benjamin and Willcox, Karen},
  year = {2020},
  journal = {Physica D: Nonlinear Phenomena},
  volume = {406},
  pages = {132401},
  issn = {0167-2789},
  doi = {10.1016/j.physd.2020.132401},
  keywords = {Data-driven model reduction,Dynamical systems,Lifting map,Partial differential equations,Scientific machine learning}
}

@article{qianModelReductionLinear2022,
  title = {Model {{Reduction}} of {{Linear Dynamical Systems}} via {{Balancing}} for {{Bayesian Inference}}},
  author = {Qian, Elizabeth and Tabeart, Jemima M. and Beattie, Christopher and Gugercin, Serkan and Jiang, Jiahua and Kramer, Peter R. and Narayan, Akil},
  year = {2022},
  journal = {Journal of Scientific Computing},
  volume = {91},
  number = {1},
  pages = {29},
  issn = {0885-7474, 1573-7691},
  doi = {10.1007/s10915-022-01798-8},
  langid = {english}
}

