@book{martins2021engineering,
  title={Engineering design optimization},
  author={Martins, Joaquim RRA and Ning, Andrew},
  year={2021},
  publisher={Cambridge University Press}
}

@article{wsjLeCun2024,
  title = "{Meta's Yann LeCun on the Future of AI}",
  author = "{Christopher Mims}",
  year = {2024},
  journal = "{The Wall Street Journal}",
  url = "https://www.wsj.com/tech/ai/yann-lecun-ai-meta-aa59e2f5",
  note = "[Accessed October 28, 2024]"
}

@online{merriamML2024,
  title = "{Machine Learning}",
  author = "{Merriam-Webster Dictionary}",
  year = {2024},
  url = "https://www.merriam-webster.com/dictionary/machine%20learning",
  note = "[Accessed October 28, 2024]"
}

@online{cambridgeDS2024,
  title = "{Data Science}",
  author = "{Cambridge Dictionary}",
  year = {2024},
  url = "https://dictionary.cambridge.org/dictionary/english/data-science",
  note = "[Accessed October 28, 2024]"
}

@article{petersen2012matrix,
  title = {The Matrix Cookbook},
  author = {Petersen, Kaare Brandt and Pedersen, Michael Syskind},
  year = 2012,
  url = "https://www.math.uwaterloo.ca/~hwolkowi/matrixcookbook.pdf",
  note = "[Accessed November 10, 2024]"
}
